%YAML 1.1
%TAG !u! tag:unity3d.com,2011:
--- !u!1 &100000
GameObject:
  m_ObjectHideFlags: 0
  m_PrefabParentObject: {fileID: 0}
  m_PrefabInternal: {fileID: 100100000}
  serializedVersion: 4
  m_Component:
  - 4: {fileID: 400000}
  - 114: {fileID: 11400000}
  - 114: {fileID: 11400006}
  - 114: {fileID: 11400002}
  - 114: {fileID: 11400004}
  - 114: {fileID: 11400008}
  m_Layer: 0
  m_Name: Managers 1
  m_TagString: Untagged
  m_Icon: {fileID: 0}
  m_NavMeshLayer: 0
  m_StaticEditorFlags: 0
  m_IsActive: 1
--- !u!4 &400000
Transform:
  m_ObjectHideFlags: 1
  m_PrefabParentObject: {fileID: 0}
  m_PrefabInternal: {fileID: 100100000}
  m_GameObject: {fileID: 100000}
  m_LocalRotation: {x: 0, y: 0, z: 0, w: 1}
  m_LocalPosition: {x: 0, y: 0, z: 0}
  m_LocalScale: {x: 1, y: 1, z: 1}
  m_Children: []
  m_Father: {fileID: 0}
  m_RootOrder: 0
--- !u!114 &11400000
MonoBehaviour:
  m_ObjectHideFlags: 1
  m_PrefabParentObject: {fileID: 0}
  m_PrefabInternal: {fileID: 100100000}
  m_GameObject: {fileID: 100000}
  m_Enabled: 1
  m_EditorHideFlags: 0
  m_Script: {fileID: 11500000, guid: c07297d30ad4a2345aa85f8469566dd8, type: 3}
  m_Name: 
  m_EditorClassIdentifier: 
  limit: 4000
  onLvlUp: 1000
  haveItems: 1
  level: Rio de Janeiro2
  loading: {fileID: 0}
  loadingA: {fileID: 0}
  pause: {fileID: 0}
  coins: {fileID: 0}
  distancia: {fileID: 0}
  life: {fileID: 0}
  block: {fileID: 0}
--- !u!114 &11400002
MonoBehaviour:
  m_ObjectHideFlags: 1
  m_PrefabParentObject: {fileID: 0}
  m_PrefabInternal: {fileID: 100100000}
  m_GameObject: {fileID: 100000}
  m_Enabled: 1
  m_EditorHideFlags: 0
  m_Script: {fileID: 11500000, guid: 59dfbc0f4f3a98b4ebf4ad40fc3f43aa, type: 3}
  m_Name: 
  m_EditorClassIdentifier: 
  poolName: fx
  matchPoolScale: 0
  matchPoolLayer: 0
  dontReparent: 0
  dontDestroyOnLoad: 0
  logMessages: 0
  _perPrefabPoolOptions:
  - prefab: {fileID: 400000, guid: 1fe55d6079769c2409bb4c5cb83abde7, type: 2}
    preloadAmount: 2
    preloadTime: 0
    preloadFrames: 2
    preloadDelay: 0
    limitInstances: 1
    limitAmount: 2
    limitFIFO: 1
    cullDespawned: 0
    cullAbove: 50
    cullDelay: 60
    cullMaxPerPass: 5
    _logMessages: 0
    spawnPool: {fileID: 0}
  - prefab: {fileID: 400000, guid: fd99d12f4865ec842b5638ecb4dd902e, type: 2}
    preloadAmount: 2
    preloadTime: 0
    preloadFrames: 2
    preloadDelay: 0
    limitInstances: 1
    limitAmount: 4
    limitFIFO: 1
    cullDespawned: 0
    cullAbove: 50
    cullDelay: 60
    cullMaxPerPass: 5
    _logMessages: 0
    spawnPool: {fileID: 0}
  - prefab: {fileID: 400002, guid: 507ec5f483ce83a4ba4dcbc00f511a35, type: 2}
    preloadAmount: 1
    preloadTime: 0
    preloadFrames: 2
    preloadDelay: 0
    limitInstances: 0
    limitAmount: 100
    limitFIFO: 0
    cullDespawned: 0
    cullAbove: 50
    cullDelay: 60
    cullMaxPerPass: 5
    _logMessages: 0
    spawnPool: {fileID: 0}
  - prefab: {fileID: 400002, guid: 7f5ee59a5e75a4e429e850c091185073, type: 2}
    preloadAmount: 1
    preloadTime: 0
    preloadFrames: 2
    preloadDelay: 0
    limitInstances: 0
    limitAmount: 100
    limitFIFO: 0
    cullDespawned: 0
    cullAbove: 50
    cullDelay: 60
    cullMaxPerPass: 5
    _logMessages: 0
    spawnPool: {fileID: 0}
  - prefab: {fileID: 400006, guid: 6bc88d3f0b27f7949a785ece1ab79d8e, type: 2}
    preloadAmount: 1
    preloadTime: 0
    preloadFrames: 2
    preloadDelay: 0
    limitInstances: 0
    limitAmount: 100
    limitFIFO: 0
    cullDespawned: 0
    cullAbove: 50
    cullDelay: 60
    cullMaxPerPass: 5
    _logMessages: 0
    spawnPool: {fileID: 0}
  - prefab: {fileID: 400000, guid: 07e982dcc0b62fb479fca65faa92749a, type: 2}
    preloadAmount: 2
    preloadTime: 0
    preloadFrames: 2
    preloadDelay: 0
    limitInstances: 1
    limitAmount: 2
    limitFIFO: 1
    cullDespawned: 0
    cullAbove: 50
    cullDelay: 60
    cullMaxPerPass: 5
    _logMessages: 0
    spawnPool: {fileID: 0}
  - prefab: {fileID: 400000, guid: 5cb8d98e788c7b341a0b59acab88552e, type: 2}
    preloadAmount: 1
    preloadTime: 0
    preloadFrames: 2
    preloadDelay: 0
    limitInstances: 0
    limitAmount: 100
    limitFIFO: 0
    cullDespawned: 0
    cullAbove: 50
    cullDelay: 60
    cullMaxPerPass: 5
    _logMessages: 0
    spawnPool: {fileID: 0}
  maxParticleDespawnTime: 60
--- !u!114 &11400004
MonoBehaviour:
  m_ObjectHideFlags: 1
  m_PrefabParentObject: {fileID: 0}
  m_PrefabInternal: {fileID: 100100000}
  m_GameObject: {fileID: 100000}
  m_Enabled: 1
  m_EditorHideFlags: 0
  m_Script: {fileID: 11500000, guid: 59dfbc0f4f3a98b4ebf4ad40fc3f43aa, type: 3}
  m_Name: 
  m_EditorClassIdentifier: 
  poolName: props
  matchPoolScale: 0
  matchPoolLayer: 0
  dontReparent: 0
  dontDestroyOnLoad: 0
  logMessages: 0
  _perPrefabPoolOptions:
  - prefab: {fileID: 400000, guid: 5b8d8461f4d094ae1911a6d9df6d9f68, type: 2}
    preloadAmount: 1
    preloadTime: 0
    preloadFrames: 2
    preloadDelay: 0
    limitInstances: 0
    limitAmount: 100
    limitFIFO: 0
    cullDespawned: 0
    cullAbove: 50
    cullDelay: 60
    cullMaxPerPass: 5
    _logMessages: 0
    spawnPool: {fileID: 0}
  - prefab: {fileID: 400000, guid: bd649500221066f4b9fc4eaf77fc2ad5, type: 2}
    preloadAmount: 1
    preloadTime: 0
    preloadFrames: 2
    preloadDelay: 0
    limitInstances: 0
    limitAmount: 100
    limitFIFO: 0
    cullDespawned: 0
    cullAbove: 50
    cullDelay: 60
    cullMaxPerPass: 5
    _logMessages: 0
    spawnPool: {fileID: 0}
  - prefab: {fileID: 400000, guid: 7578a217a870fa44b9a0510e9fdedaa7, type: 2}
    preloadAmount: 1
    preloadTime: 0
    preloadFrames: 2
    preloadDelay: 0
    limitInstances: 0
    limitAmount: 100
    limitFIFO: 0
    cullDespawned: 0
    cullAbove: 50
    cullDelay: 60
    cullMaxPerPass: 5
    _logMessages: 0
    spawnPool: {fileID: 0}
  - prefab: {fileID: 400000, guid: 82629c95f9393cc4ea256e38eefc3a9b, type: 2}
    preloadAmount: 1
    preloadTime: 0
    preloadFrames: 2
    preloadDelay: 0
    limitInstances: 0
    limitAmount: 100
    limitFIFO: 0
    cullDespawned: 0
    cullAbove: 50
    cullDelay: 60
    cullMaxPerPass: 5
    _logMessages: 0
    spawnPool: {fileID: 0}
  - prefab: {fileID: 400000, guid: e38e8e9f07f48b74cb050c36e20813ab, type: 2}
    preloadAmount: 1
    preloadTime: 0
    preloadFrames: 2
    preloadDelay: 0
    limitInstances: 0
    limitAmount: 100
    limitFIFO: 0
    cullDespawned: 0
    cullAbove: 50
    cullDelay: 60
    cullMaxPerPass: 5
    _logMessages: 0
    spawnPool: {fileID: 0}
  - prefab: {fileID: 400000, guid: b439a9451898b3544b31547be8d74392, type: 2}
    preloadAmount: 1
    preloadTime: 0
    preloadFrames: 2
    preloadDelay: 0
    limitInstances: 0
    limitAmount: 100
    limitFIFO: 0
    cullDespawned: 0
    cullAbove: 50
    cullDelay: 60
    cullMaxPerPass: 5
    _logMessages: 0
    spawnPool: {fileID: 0}
  - prefab: {fileID: 400006, guid: 95735fb5bce9480499ad99b75ee3495e, type: 2}
    preloadAmount: 1
    preloadTime: 0
    preloadFrames: 2
    preloadDelay: 0
    limitInstances: 0
    limitAmount: 100
    limitFIFO: 0
    cullDespawned: 0
    cullAbove: 50
    cullDelay: 60
    cullMaxPerPass: 5
    _logMessages: 0
    spawnPool: {fileID: 0}
  - prefab: {fileID: 400000, guid: c4fd2b7e5f4ab144cb9235c4acd6c4d8, type: 2}
    preloadAmount: 1
    preloadTime: 0
    preloadFrames: 2
    preloadDelay: 0
    limitInstances: 0
    limitAmount: 3
    limitFIFO: 0
    cullDespawned: 0
    cullAbove: 50
    cullDelay: 60
    cullMaxPerPass: 5
    _logMessages: 0
    spawnPool: {fileID: 0}
  - prefab: {fileID: 400000, guid: 3f82c11fef16f504d9be0171fdd2d732, type: 2}
    preloadAmount: 1
    preloadTime: 0
    preloadFrames: 2
    preloadDelay: 0
    limitInstances: 0
    limitAmount: 3
    limitFIFO: 0
    cullDespawned: 0
    cullAbove: 50
    cullDelay: 60
    cullMaxPerPass: 5
    _logMessages: 0
    spawnPool: {fileID: 0}
  - prefab: {fileID: 400000, guid: 900e53deb398eb2458430290baf8266d, type: 2}
    preloadAmount: 1
    preloadTime: 0
    preloadFrames: 2
    preloadDelay: 0
    limitInstances: 0
    limitAmount: 3
    limitFIFO: 0
    cullDespawned: 0
    cullAbove: 50
    cullDelay: 60
    cullMaxPerPass: 5
    _logMessages: 0
    spawnPool: {fileID: 0}
  - prefab: {fileID: 400000, guid: 036d163a35b415f4eb8c5ffda68cee8e, type: 2}
    preloadAmount: 1
    preloadTime: 0
    preloadFrames: 2
    preloadDelay: 0
    limitInstances: 0
    limitAmount: 3
    limitFIFO: 0
    cullDespawned: 0
    cullAbove: 50
    cullDelay: 60
    cullMaxPerPass: 5
    _logMessages: 0
    spawnPool: {fileID: 0}
  - prefab: {fileID: 400002, guid: 4cdfe5013ad802b43a1b89b8c032a035, type: 2}
    preloadAmount: 1
    preloadTime: 0
    preloadFrames: 2
    preloadDelay: 0
    limitInstances: 0
    limitAmount: 100
    limitFIFO: 0
    cullDespawned: 0
    cullAbove: 50
    cullDelay: 60
    cullMaxPerPass: 5
    _logMessages: 0
    spawnPool: {fileID: 0}
  - prefab: {fileID: 0}
    preloadAmount: 26
    preloadTime: 0
    preloadFrames: 2
    preloadDelay: 0
    limitInstances: 0
    limitAmount: 100
    limitFIFO: 0
    cullDespawned: 0
    cullAbove: 50
    cullDelay: 60
    cullMaxPerPass: 5
    _logMessages: 0
    spawnPool: {fileID: 0}
  maxParticleDespawnTime: 60
--- !u!114 &11400006
MonoBehaviour:
  m_ObjectHideFlags: 1
  m_PrefabParentObject: {fileID: 0}
  m_PrefabInternal: {fileID: 100100000}
  m_GameObject: {fileID: 100000}
  m_Enabled: 1
  m_EditorHideFlags: 0
  m_Script: {fileID: 11500000, guid: 76dc3997c53bbd140a988fe6472f4d6a, type: 3}
  m_Name: 
  m_EditorClassIdentifier: 
  rigidBody2DUnidirectional: {fileID: 0}
  speedUp: 1
  changeSpawnTime: 1
--- !u!114 &11400008
MonoBehaviour:
  m_ObjectHideFlags: 1
  m_PrefabParentObject: {fileID: 0}
  m_PrefabInternal: {fileID: 100100000}
  m_GameObject: {fileID: 100000}
  m_Enabled: 1
  m_EditorHideFlags: 0
  m_Script: {fileID: 11500000, guid: f861d85e31fe17e45acd5e98f55a6bcf, type: 3}
  m_Name: 
  m_EditorClassIdentifier: 
--- !u!1001 &100100000
Prefab:
  m_ObjectHideFlags: 1
  serializedVersion: 2
  m_Modification:
    m_TransformParent: {fileID: 0}
    m_Modifications: []
    m_RemovedComponents: []
  m_ParentPrefab: {fileID: 0}
  m_RootGameObject: {fileID: 100000}
  m_IsPrefabParent: 1
  m_IsExploded: 1
